@misc{1,
  author = {CodeParade},
  month = {08},
  title = {Non-Euclidean Worlds Engine},
  url = {https://www.youtube.com/watch?v=kEB11PQ9Eo8},
  urldate = {2023-10-25},
  year = {2018},
  organization = {YouTube}
}

@misc{2,
  author = {, CodeParade},
  month = {06},
  publisher = {CodeParade},
  title = {Non-Euclidean Geometry Explained - Hyperbolica Devlog #1 - YouTube},
  url = {https://www.youtube.com/watch?v=zQo_S3yNa2w},
  urldate = {2023-10-25},
  year = {2020},
  organization = {www.youtube.com}
}

@misc{3,
  author = {, CodeParade},
  month = {07},
  publisher = {CodeParade},
  title = {Spherical Geometry Is Stranger Than Hyperbolic - Hyperbolica Devlog #2 - YouTube},
  url = {https://www.youtube.com/watch?v=yY9GAyJtuJ0},
  urldate = {2023-10-25},
  year = {2020},
  organization = {www.youtube.com}
}

@misc{4,
  author = {, CodeParade},
  month = {11},
  publisher = {CodeParade},
  title = {Hyperbolica - YouTube},
  url = {https://www.youtube.com/playlist?list=PLh9DXIT3m6N4qJK9GKQB3yk61tVe6qJvA},
  urldate = {2023-10-26},
  year = {2022},
  organization = {www.youtube.com}
}

@misc{5,
  author = {Madore, David},
  month = {02},
  publisher = {David Madore},
  title = {Hyperbolic maze},
  url = {http://www.madore.org/~david/math/hyperbolic-maze.html#explanations},
  urldate = {2023-10-26},
  year = {2016},
  organization = {www.madore.org}
}

@misc{6,
  author = {Madore, David},
  month = {10},
  publisher = {David Madore},
  title = {David Madore},
  url = {http://www.madore.org/~david/},
  urldate = {2023-10-26},
  year = {2023},
  organization = {Madore.org}
}

@misc{7,
  author = {, ZenoRogue},
  month = {10},
  publisher = {ZenoRogue},
  title = {HyperRogue - About},
  url = {https://www.roguetemple.com/z/hyper/},
  urldate = {2023-10-26},
  year = {2023},
  organization = {www.roguetemple.com}
}